@Article{Berger_1998,
author = "M. J. Berger and R. J. LeVeque",
title = "Adaptive Mesh Refinement using Wave-Propagation Algorithms for Hyperbolic Systems",
journal = "SIAM J. Numer. Anal.",
volume = "35",
year = "1998",
pages = "2298--2316",
} 

@book{comp_seis,
publisher={Oxford University Press},
author = {Igel, Heiner},
year = {2016},
month = {10},
title = {Computational Seismology: A Practical Introduction}
}

@book{leveque_2002, 
place={Cambridge}, 
series={Cambridge Texts in Applied Mathematics}, 
title={Finite Volume Methods for Hyperbolic Problems}, 
publisher={Cambridge University Press}, 
author={LeVeque, Randall J.}, 
year={2002}, 
collection={Cambridge Texts in Applied Mathematics}}


@misc{clawpack,
  title =	 {Clawpack Software},
  author =	 {{Clawpack Development Team}},
  url =		 {http://www.clawpack.org},
  urldate =	 {2015/05/14},
  note =	 {Version 5.2.2},
  year =	 2015
}





